101 021000021 0210000212601150000A094101FIRST NATIONAL BANK   ACME PAYROLL CO        
5220ACME PAYROLL CO      9876543210PPD PAYROLL   260115260117 1021000020000001
6220021000021123456789012345  0000150000JONES SARAH          ACME001         1021000020000001
6220021000021987654321098765  0000225000SMITH JAMES          ACME002         1021000020000002
6220021000021555444333022111  0000087500BROWN MARY           ACME003         1021000020000003
6220021000021111222333012345  0000312000DAVIS ROBERT         ACME004         1021000020000004
6220021000021999888777066554  0000098750WILSON LINDA         ACME005         1021000020000005
820000000600126000126000000000000000000873250ACME PAYROLL CO                        021000020000001
9000001000001000000060012600012600000000000000000008732509999999999999999999999999999999999999
9999999999999999999999999999999999999999999999999999999999999999999999999999999999999999999999
